
@book{knuth1984texbook,
  title={The TeXbook},
  author={Knuth, Donald E},
  volume={A},
  year={1984},
  publisher={Addison-Wesley}
}
